@Book{xie2015,
  title = {Dynamic Documents with {R} and knitr},
  author = {Yihui Xie},
  publisher = {Chapman and Hall/CRC},
  address = {Boca Raton, Florida},
  year = {2015},
  edition = {2nd},
  note = {ISBN 978-1498716963},
  url = {http://yihui.name/knitr/},
}

@Article{mohammad13,
  author = {Mohammad, Saif M. and Turney, Peter D.},
  title = {Crowdsourcing a Word-Emotion Association Lexicon},
  journal = {Computational Intelligence},
  volume = {29},
  number = {3},
  pages = {436-465},
  doi = {10.1111/j.1467-8640.2012.00460.x},
  url = {https://onlinelibrary.wiley.com/doi/abs/10.1111/j.1467-8640.2012.00460.x},
  eprint = {https://onlinelibrary.wiley.com/doi/pdf/10.1111/j.1467-8640.2012.00460.x},
  year = {2013}
}